@article{guide_maint,
  author          = {},
  journal         = {JOURNAL OFFICIEL DU 11 DECEMBRE 1999},
  number          = {},
  title           = {GUIDE DE BONNE EXECUTION DES ANALYSES DES BIOLOGIE MEDICALE},
  volume          = {},
  year            = {1999}
}
@article{def_maintenance,
  author = {Anfor},
  year = {1994},
  title = {Maintenance - Concepts et définitions des activités de maintenance},
  publisher = {Anfor}
}
@article{rest_hyper,
  author = {Roy T. Fielding},
  year = {2008},
  title = {REST APIs must be hypertext-driven,https://roy.gbiv.com/untangled/2008/rest-apis-must-be-hypertext-driven},
  
}
